@book{corbet2005linux,
	title={Linux device drivers},
	author={Corbet, Jonathan and Rubini, Alessandro and Kroah-Hartman, Greg},
	year={2005},
	publisher={" O'Reilly Media, Inc."}
}
